@inproceedings{bos:coling2004,
    title =     "Wide-Coverage Semantic Representations from a {CCG} Parser",
    author =    "Johan Bos and Stephen Clark and Mark Steedman and James R. Curran and Julia Hockenmaier",
    booktitle = "Proceedings of COLING 2004",
    address =   "Geneva, Switzerland",
    year =      "2004",
    pages =     "1240--1246"
}

@inproceedings{bos:emnlp2005,
    title =     "Recognising Textual Entailment with Logical Inference",
    author =    "Johan Bos and Katja Markert",
    booktitle = "Proceedings of EMNLP 2005",
    year =      "2005",
    pages =     "628--635"
}

@InProceedings{clark:acl04,
    title =     "Parsing the {WSJ} using {CCG} and Log-Linear Models",
    author =    "Stephen Clark and James R. Curran",
    booktitle = "Proceedings of ACL 2004",
    address =   "Barcelona, Spain",
    year =      "2004",
    pages =     "104--111"
}

@inproceedings{dagan:rte2005,
    author =    "Ido Dagan and Oren Glickman and Bernardo Magnini",
    title =     "The PASCAL Recognising Textual Entailment Challenge",
    booktitle = "In Proceedings of the PASCAL Challenges Workshop on Recognising Textual Entailment",
    year =      "2005"
}

@InProceedings{erk:acl2010,
    title =     "Exemplar-Based Models for Word Meaning In Context",
    author =    "Katrin Erk and Sebastian Pad\'o",
    booktitle = "Proceedings of ACL 2010",
    year =      "2010",
    address =   "Uppsala, Sweden",
    pages =     "92--97"
}
  
@InProceedings{erk:emnlp08,
  author = 	  "Katrin Erk and Sebastian Pad\'o",
  title = 	  "A structured vector space model for word meaning in context",
  booktitle = "Proceedings of EMNLP 2008",
  address =   "Honolulu, HI",
  year =	  "2008",
  pages =     "897-906"
}

@Book{getoor:book2007,
    title =     "Introduction to Statistical Relational Learning",
    editor =    "L. Getoor and B. Taskar",
    publisher = "MIT Press",
    address =   "Cambridge, MA",
    year =      "2007"
}

@Article{hobbs:alj93,
    title =   "Interpretation as Abduction",
    author =  "Jerry R. Hobbs and Mark Stickel and Douglas Appelt and Paul Martin",
    year =    "1993",
    volume =  "63",
    number =  "1--2",
    pages =   "69--142",
    journal = "Artificial Intelligence"
}

@inproceedings{hovy:naacl2006,
    title =     "OntoNotes: The 90\% Solution",
    author =    "Eduard Hovy and Mitchell Marcus and Martha Palmer and Lance Ramshaw and Ralph Weischedel",
    booktitle = "Proceedings of HLT/NAACL 2006",
    year =      "2006",
    pages =     "57--60"
}

@Book{kamp:book93,
    title =     "From Discourse to Logic; An Introduction to Modeltheoretic Semantics of Natural Language, Formal Logic and {DRT}",
    author =    "Hans Kamp and Uwe Reyle",
    publisher = "Kluwer",
    address =   "Dordrecht",
    year =      "1993"
}

@TechReport{kok:tr05,
  author =       "Stanley Kok and Parag Singla and Matthew Richardson and Pedro Domingos",
  title =        "The {A}lchemy System for Statistical Relational {AI}",
  institution =  "Department of Computer Science and Engineering, University of Washington",
  year =         "2005",
  note =         "\url{http://www.cs.washington.edu/ai/alchemy}"
}

@Article{landauer97:solution,
  author = "T. Landauer and S. Dumais",
  title = "A solution to {P}latos problem: the latent semantic analysis theory of acquisition, induction, and representation of knowledge",
  journal = "Psychological Review",
  volume = 104,
  number = 2, 
  pages = "211--240",
  year = 1997 }

@Article{lund96:producing,
  author = "Kevin Lund and Curt Burgess",
  title = "Producing high-dimensional semantic spaces from lexical co-occurrence",
  journal = "Behavior Research Methods, Instruments, and Computers",
  volume = 28,
  pages = "203---208",
  year = 1996 }

@InProceedings{MitchellLapata:08,
  author = 	 {Jeff Mitchell and Mirella Lapata},
  title = 	 {Vector-based models of semantic composition},
  booktitle = 	 {Proceedings of ACL},
  year =	 2008,
  pages     = {236--244}
}

@inproceedings{maccartney:iwcs2009,
    title =     "An extended model of natural logic",
    author =    "Bill MacCartney and Christopher D. Manning",
    booktitle = "Proceedings of the Eighth International Conference on Computational Semantics (IWCS-8)",
    year =      "2009",
    pages =     "140--156"
}

@unpublished{mccune:prover92005,
    title = "{P}rover9 and {M}ace4",
    author = "William McCune",
    note = "\begin{small}\url{http://www.cs.unm.edu/~mccune/prover9/}\end{small}",
    year = "2005--2010"}

@misc{miller:wordnet2009,
	author =       "George A. Miller",
	title =        "WordNet - About Us",
	year =         "2009",
	howpublished = "\url{http://wordnet.princeton.edu}"
}

@inproceedings{nairn:icos2006,
    title =     "Computing relative polarity for textual inference",
    author =    "Rowan Nairn and Cleo Condoravdi and Lauri Karttunen",
    booktitle = "Proceedings of Inference in Computational Semantics (ICoS-5)",
    year =      "2006",
    address =   "Buxton, UK"
}

@inproceedings{poon:emnlp2009,
 author = {Hoifung Poon and Pedro Domingos},
 title = {Unsupervised semantic parsing},
 booktitle = {Proceedings of EMNLP 2009},
 year = {2009},
 location = {Singapore},
 pages = {1--10}
}

@Article{richardson:mlj06,
    title =   "Markov Logic Networks",
    author =  "Matthew Richardson and Pedro Domingos",
    year =    "2006",
    volume =  "62",
    pages =   "107-136",
    journal = "Machine Learning"
}

@InProceedings{ThaterFuerstenauPinkal:10,
  author = 	 {Stefan Thater and Hagen F\"urstenau and Manfred Pinkal},
  title = 	 {Contextualizing Semantic Representations Using Syntactically Enriched Vector Models},
  booktitle =	 {Proceedings of ACL 2010},
  year =	 2010,
  address =	 {Uppsala, Sweden},
  pages = {948--957}
}

